@book{bahvalov01,
  author = "Н. С. Бахвалов and Н. П. Жидков and Г. М. Кобельков",
  title = "Численные методы",
  publisher = "Физматлит",
  year = 2001,
  address = "М.",
  language = "russian"
}

@book{amosov94,
  author = "А. А. Амосов and Ю. А. Дубинский and Н. В. Копченова",
  title = "Вычислительные методы для инженеров",
  publisher = "Высшая школа",
  year = 1994,
  address = "М.",
  language = "russian"
}
